
@inproceedings{popa2011cryptdb,
  title={CryptDB: protecting confidentiality with encrypted query processing},
  author={Popa, Raluca Ada and Redfield, Catherine and Zeldovich, Nickolai and Balakrishnan, Hari},
  booktitle={Proceedings of the Twenty-Third ACM Symposium on Operating Systems Principles},
  pages={85--100},
  year={2011},
  organization={ACM}
}


@inproceedings{papadimitriou2016big,
  title={Big data analytics over encrypted datasets with seabed},
  author={Papadimitriou, Antonis and Bhagwan, Ranjita and Chandran, Nishanth and Ramjee, Ramachandran and Haeberlen, Andreas and Singh, Harmeet and Modi, Abhishek and Badrinarayanan, Saikrishna},
  booktitle={12th USENIX Symposium on Operating Systems Design and Implementation (OSDI 16)},
  pages={587--602},
  year={2016},
  organization={USENIX Association}
}

@inproceedings{tu2013processing,
  title={Processing analytical queries over encrypted data},
  author={Tu, Stephen and Kaashoek, M Frans and Madden, Samuel and Zeldovich, Nickolai},
  booktitle={Proceedings of the VLDB Endowment},
  volume={6},
  number={5},
  pages={289--300},
  year={2013},
  organization={VLDB Endowment}
}

@inproceedings{gentry2009fully,
  title={Fully homomorphic encryption using ideal lattices.},
  author={Gentry, Craig and others},
  booktitle={STOC},
  volume={9},
  number={2009},
  pages={169--178},
  year={2009}
}

@inproceedings{fu2015design,
  title={Design Tradeoffs for Data Deduplication Performance in Backup Workloads.},
  author={Fu, Min and Feng, Dan and Hua, Yu and He, Xubin and Chen, Zuoning and Xia, Wen and Zhang, Yucheng and Tan, Yujuan},
  booktitle={FAST},
  pages={331--344},
  year={2015}
}

@article{yan2016deduplication,
  title={Deduplication on encrypted big data in cloud},
  author={Yan, Zheng and Ding, Wenxiu and Yu, Xixun and Zhu, Haiqi and Deng, Robert H},
  journal={IEEE Transactions on Big Data},
  volume={2},
  number={2},
  pages={138--150},
  year={2016},
  publisher={IEEE}
}

@inproceedings{bellare2013message,
  title={Message-locked encryption and secure deduplication},
  author={Bellare, Mihir and Keelveedhi, Sriram and Ristenpart, Thomas},
  booktitle={Annual International Conference on the Theory and Applications of Cryptographic Techniques},
  pages={296--312},
  year={2013},
  organization={Springer}
}


@inproceedings{quinlan2002venti,
  title={Venti: A New Approach to Archival Storage.},
  author={Quinlan, Sean and Dorward, Sean},
  booktitle={FAST},
  volume={2},
  pages={89--101},
  year={2002}
}

@inproceedings{bellare2013message,
  title={Message-locked encryption and secure deduplication},
  author={Bellare, Mihir and Keelveedhi, Sriram and Ristenpart, Thomas},
  booktitle={Annual International Conference on the Theory and Applications of Cryptographic Techniques},
  pages={296--312},
  year={2013},
  organization={Springer}
}


@online{mysqltpcc,
  author =       "Rafal Ablamowicz and Bertfried Fauser",
  year =         "2007",
  title =        "CLIFFORD: a Maple 11 Package for Clifford Algebra Computations, version 11",
  url =          "https://github.com/Percona-Lab/tpcc-mysql",
  lastaccessed = "February 28, 2008",
}




@online{mysqlbackup,
  author =       "Rafal Ablamowicz and Bertfried Fauser",
  year =         "2007",
  title =        "CLIFFORD: a Maple 11 Package for Clifford Algebra Computations, version 11",
  url =          "https://dev.mysql.com/doc/refman/5.7/en/backup-and-recovery.html",
  lastaccessed = "February 28, 2008",
}




@inproceedings{aronovich2009design,
  title={The design of a similarity based deduplication system},
  author={Aronovich, Lior and Asher, Ron and Bachmat, Eitan and Bitner, Haim and Hirsch, Michael and Klein, Shmuel T},
  booktitle={Proceedings of SYSTOR 2009: The Israeli Experimental Systems Conference},
  pages={6},
  year={2009},
  organization={ACM}
}

@inproceedings{xu2015reducing,
  title={Reducing replication bandwidth for distributed document databases},
  author={Xu, Lianghong and Pavlo, Andrew and Sengupta, Sudipta and Li, Jin and Ganger, Gregory R},
  booktitle={Proceedings of the Sixth ACM Symposium on Cloud Computing},
  pages={222--235},
  year={2015},
  organization={ACM}
}



@inproceedings{you2005deep,
  title={Deep Store: An archival storage system architecture},
  author={You, Lawrence L and Pollack, Kristal T and Long, Darrell DE},
  booktitle={Data Engineering, 2005. ICDE 2005. Proceedings. 21st International Conference On},
  pages={804--815},
  year={2005},
  organization={IEEE}
}



@inproceedings{dubnicki2009hydrastor,
  title={HYDRAstor: A scalable secondary storage.},
  author={Dubnicki, Cezary and Gryz, Leszek and Heldt, Lukasz and Kaczmarczyk, Michal and Kilian, Wojciech and Strzelczak, Przemyslaw and Szczepkowski, Jerzy and Ungureanu, Cristian and Welnicki, Michal},
  booktitle={FAST},
  volume={9},
  pages={197--210},
  year={2009}
}



@article{paulo2014survey,
  title={A survey and classification of storage deduplication systems},
  author={Paulo, Jo{\~a}o and Pereira, Jos{\'e}},
  journal={ACM Computing Surveys (CSUR)},
  volume={47},
  number={1},
  pages={11},
  year={2014},
  publisher={ACM}
}


@inproceedings{puzio2015perfectdedup,
  title={PerfectDedup: Secure data deduplication},
  author={Puzio, Pasquale and Molva, Refik and {\"O}nen, Melek and Loureiro, Sergio},
  booktitle={International Workshop on Data Privacy Management},
  pages={150--166},
  year={2015},
  organization={Springer}
}





@article{akhila2016study,
  title={A Study on Deduplication Techniques over Encrypted Data},
  author={Akhila, K and Ganesh, Amal and Sunitha, C},
  journal={Procedia Computer Science},
  volume={87},
  pages={38--43},
  year={2016},
  publisher={Elsevier}
}

@article{francinasurvey,
  title={A Survey on Analysis of Efficient Deduplication in Cloud Computing Environment},
  author={Francina Sophiya, D and Swarnalatha, P}
}


@inproceedings{zheng2017minicrypt,
  title={MiniCrypt: Reconciling encryption and compression for big data stores},
  author={Zheng, Wenting and Li, Frank and Popa, Raluca Ada and Stoica, Ion and Agarwal, Rachit},
  booktitle={Proceedings of the Twelfth European Conference on Computer Systems},
  pages={191--204},
  year={2017},
  organization={ACM}
}

@inproceedings{mandagere2008demystifying,
  title={Demystifying data deduplication},
  author={Mandagere, Nagapramod and Zhou, Pin and Smith, Mark A and Uttamchandani, Sandeep},
  booktitle={Proceedings of the ACM/IFIP/USENIX Middleware'08 Conference Companion},
  pages={12--17},
  year={2008},
  organization={ACM}
}





@inproceedings{xu2015reducing,
  title={Reducing replication bandwidth for distributed document databases},
  author={Xu, Lianghong and Pavlo, Andrew and Sengupta, Sudipta and Li, Jin and Ganger, Gregory R},
  booktitle={Proceedings of the Sixth ACM Symposium on Cloud Computing},
  pages={222--235},
  year={2015},
  organization={ACM}
}



@inproceedings{kerschbaum2013encrypted,
  title={An encrypted in-memory column-store: the onion selection problem},
  author={Kerschbaum, Florian and H{\"a}rterich, Martin and Kohler, Mathias and Hang, Isabelle and Schaad, Andreas and Schr{\"o}pfer, Axel and Tighzert, Walter},
  booktitle={International Conference on Information Systems Security},
  pages={14--26},
  year={2013},
  organization={Springer}
}




@inproceedings{xu2017online,
  title={Online Deduplication for Databases},
  author={Xu, Lianghong and Pavlo, Andrew and Sengupta, Sudipta and Ganger, Gregory R},
  booktitle={Proceedings of the 2017 ACM International Conference on Management of Data},
  pages={1355--1368},
  year={2017},
  organization={ACM}
}







@inproceedings{popa2014building,
  title={Building Web Applications on Top of Encrypted Data Using Mylar.},
  author={Popa, Raluca Ada and Stark, Emily and Valdez, Steven and Helfer, Jonas and Zeldovich, Nickolai and Balakrishnan, Hari},
  booktitle={NSDI},
  pages={157--172},
  year={2014}
}




@online{bigqueryclient,
  author =       "Rafal Ablamowicz and Bertfried Fauser",
  year =         "2007",
  title =        "CLIFFORD: a Maple 11 Package for Clifford Algebra Computations, version 11",
  url =          "https://github.com/google/encrypted-bigquery-client",
  lastaccessed = "February 28, 2008",
}




@inproceedings{xu2015reducing,
  title={Reducing replication bandwidth for distributed document databases},
  author={Xu, Lianghong and Pavlo, Andrew and Sengupta, Sudipta and Li, Jin and Ganger, Gregory R},
  booktitle={Proceedings of the Sixth ACM Symposium on Cloud Computing},
  pages={222--235},
  year={2015},
  organization={ACM}
}







@online{mysqlbackupdocumentation,
  author =       "Rafal Ablamowicz and Bertfried Fauser",
  year =         "2007",
  title =        "CLIFFORD: a Maple 11 Package for Clifford Algebra Computations, version 11",
  url =          "https://docs.oracle.com/cd/E17952_01/mysql-5.7-en/backup-and-recovery.html",
  lastaccessed = "February 28, 2008",
}






@online{mysqldumpper,
  author =       "Rafal Ablamowicz and Bertfried Fauser",
  year =         "2007",
  title =        "CLIFFORD: a Maple 11 Package for Clifford Algebra Computations, version 11",
  url =          "http://www.mysqldumper.net/",
  lastaccessed = "February 28, 2008",
}


@online{xtrabackup,
  author =       "Rafal Ablamowicz and Bertfried Fauser",
  year =         "2007",
  title =        "CLIFFORD: a Maple 11 Package for Clifford Algebra Computations, version 11",
  url =          "https://www.percona.com/software/mysql-database/percona-xtrabackup",
  lastaccessed = "February 28, 2008",
}




@online{backupworkflow,
  author =       "Rafal Ablamowicz and Bertfried Fauser",
  year =         "2007",
  title =        "CLIFFORD: a Maple 11 Package for Clifford Algebra Computations, version 11",
  url =          "https://www.percona.com/live/europe-amsterdam-2015/sites/default/files/slides/MySQL%20backup%20and%20restore%20best%20practices.compressed.pdf",
  lastaccessed = "February 28, 2008",
}


@online{gzip,
  author =       "a",
  year =         "a",
  title =        "a",
  url =          "http://www.gzip.org/",
  lastaccessed = "a",
}



@inproceedings{song2000practical,
  title={Practical techniques for searches on encrypted data},
  author={Song, Dawn Xiaoding and Wagner, David and Perrig, Adrian},
  booktitle={Security and Privacy, 2000. S\&P 2000. Proceedings. 2000 IEEE Symposium on},
  pages={44--55},
  year={2000},
  organization={IEEE}
}


@online{cryptdbsite,
  author =       "Rafal Ablamowicz and Bertfried Fauser",
  year =         "2007",
  title =        "CLIFFORD: a Maple 11 Package for Clifford Algebra Computations, version 11",
  url =          "https://css.csail.mit.edu/cryptdb/",
  lastaccessed = "February 28, 2008",
}




@inproceedings{boldyreva2009order,
  title={Order-preserving symmetric encryption},
  author={Boldyreva, Alexandra and Chenette, Nathan and Lee, Younho and O’neill, Adam},
  booktitle={Annual International Conference on the Theory and Applications of Cryptographic Techniques},
  pages={224--241},
  year={2009},
  organization={Springer}
}







@online{practical-cryptdb,
  author =       "a",
  year =         "a",
  title =        "a",
  url =          "https://github.com/yiwenshao/Practical-Cryptdb",
  lastaccessed = "a",
}







